<?xml version="1.0" encoding="UTF-8"?><collection xmlns="http://www.loc.gov/MARC21/slim"><record><leader>00393nam--2200145-i-4500</leader><controlfield tag="001">000019555</controlfield><controlfield tag="002">20161230</controlfield><controlfield tag="005">20161230201033</controlfield><controlfield tag="008">060222s1000------------r-----000-0-eng-d</controlfield><datafield ind1=" " ind2=" " tag="100"><subfield code="a">Felsen, Leopold B</subfield></datafield><datafield ind1=" " ind2=" " tag="245"><subfield code="a">Marcuvitz, nathan</subfield></datafield><datafield ind1=" " ind2=" " tag="260"><subfield code="a">Radioation And Scattering Of Waves</subfield></datafield><datafield ind1=" " ind2=" " tag="490"><subfield code="a">Prentice-hall Microwaves And Fields Series</subfield></datafield><datafield ind1=" " ind2=" " tag="700"><subfield code="a">Marcuvitz, Nathan</subfield></datafield><datafield ind1=" " ind2=" " tag="852"><subfield code="a">530.145:537.811</subfield></datafield></record></collection>